<record><leader>00000cas a2200000 a 4500</leader><controlfield tag="001">9948037</controlfield><controlfield tag="008">830926d189319uudcuwr ne      0   a0eng c</controlfield><datafield ind1=" " ind2=" " tag="010"><subfield code="a">sn 83027091 </subfield></datafield><datafield ind1=" " ind2=" " tag="040"><subfield code="a">NPV</subfield><subfield code="b">eng</subfield><subfield code="c">NPV</subfield><subfield code="d">DLC</subfield><subfield code="d">NPY</subfield><subfield code="d">DLC</subfield><subfield code="d">NJW</subfield><subfield code="d">YOX</subfield><subfield code="d">MFN</subfield><subfield code="d">KNP</subfield><subfield code="d">CNK</subfield><subfield code="d">SLU</subfield><subfield code="d">NLG</subfield><subfield code="d">TGN</subfield><subfield code="d">NVK</subfield><subfield code="d">DCN</subfield><subfield code="d">CVF</subfield><subfield code="d">DCN</subfield><subfield code="d">OCL</subfield><subfield code="d">DLC</subfield><subfield code="d">UPM</subfield><subfield code="d">KRTAS</subfield><subfield code="d">OCLCQ</subfield><subfield code="d">CUS</subfield><subfield code="d">OCLCQ</subfield><subfield code="d">OCLCF</subfield><subfield code="d">OCLCO</subfield></datafield><datafield ind1="1" ind2=" " tag="022"><subfield code="a">1940-7416</subfield><subfield code="l">1940-7416</subfield><subfield code="2">1</subfield></datafield><datafield ind1="1" ind2=" " tag="029"><subfield code="a">AU@</subfield><subfield code="b">000041207964</subfield></datafield><datafield ind1="1" ind2=" " tag="029"><subfield code="a">NZ1</subfield><subfield code="b">16070554</subfield></datafield><datafield ind1=" " ind2=" " tag="042"><subfield code="a">pcc</subfield><subfield code="a">nsdp</subfield></datafield><datafield ind1=" " ind2=" " tag="043"><subfield code="a">n-us-dc</subfield></datafield><datafield ind1=" " ind2=" " tag="045"><subfield code="a">x9w0</subfield></datafield><datafield ind1="0" ind2="0" tag="050"><subfield code="a">Newspaper</subfield></datafield><datafield ind1=" " ind2=" " tag="052"><subfield code="a">3850</subfield></datafield><datafield ind1="0" ind2=" " tag="130"><subfield code="a">Colored American (Washington, D.C. : 1893)</subfield></datafield><datafield ind1=" " ind2="4" tag="222"><subfield code="a">The colored American</subfield><subfield code="b">(Washington, D.C. 1893)</subfield></datafield><datafield ind1="1" ind2="4" tag="245"><subfield code="a">The colored American.</subfield></datafield><datafield ind1=" " ind2=" " tag="260"><subfield code="a">Washington, D.C. :</subfield><subfield code="b">Colored American Pub. Co.</subfield></datafield><datafield ind1=" " ind2=" " tag="300"><subfield code="a">v.</subfield></datafield><datafield ind1=" " ind2=" " tag="310"><subfield code="a">Weekly</subfield></datafield><datafield ind1="1" ind2=" " tag="362"><subfield code="a">Began in 1893.</subfield></datafield><datafield ind1=" " ind2=" " tag="530"><subfield code="a">Microfilmed for the Committee on Negro Studies of the American Council of Learned Societies by the Library of Congress, Photoduplication Service.</subfield></datafield><datafield ind1=" " ind2=" " tag="530"><subfield code="a">Archived issues are available in digital format as part of the Library of Congress Chronicling America online collection.</subfield></datafield><datafield ind1=" " ind2=" " tag="588"><subfield code="a">Description based on: No. 20 (Aug. 11, 1894).</subfield></datafield><datafield ind1=" " ind2=" " tag="588"><subfield code="a">Latest issue consulted: Vol. 11, no. 23 (Nov. 12, 1904).</subfield></datafield><datafield ind1=" " ind2="0" tag="650"><subfield code="a">African Americans</subfield><subfield code="z">Washington (D.C.)</subfield><subfield code="v">Newspapers.</subfield></datafield><datafield ind1=" " ind2="0" tag="651"><subfield code="a">Washington (D.C.)</subfield><subfield code="v">Newspapers.</subfield></datafield><datafield ind1=" " ind2="7" tag="655"><subfield code="a">Newspapers.</subfield><subfield code="2">fast</subfield><subfield code="0">(OCoLC)fst01423814</subfield></datafield><datafield ind1=" " ind2="7" tag="650"><subfield code="a">African Americans.</subfield><subfield code="2">fast</subfield><subfield code="0">(OCoLC)fst00799558</subfield></datafield><datafield ind1=" " ind2="7" tag="651"><subfield code="a">Washington (D.C.)</subfield><subfield code="2">fast</subfield><subfield code="0">(OCoLC)fst01204505</subfield></datafield><datafield ind1=" " ind2=" " tag="752"><subfield code="a">United States</subfield><subfield code="b">District of Columbia</subfield><subfield code="d">Washington.</subfield></datafield><datafield ind1="0" ind2="8" tag="776"><subfield code="i">Online version:</subfield><subfield code="t">Colored American (Washington, D.C. : 1893)</subfield><subfield code="w">(DLC)  2007264048</subfield><subfield code="w">(OCoLC)182729036</subfield></datafield><datafield ind1="4" ind2="1" tag="856"><subfield code="u">http://www.loc.gov/chroniclingamerica/lccn/sn83027091/issues</subfield></datafield><datafield ind1=" " ind2=" " tag="938"><subfield code="a">Kirtas Technologies, Inc.</subfield><subfield code="b">KRTS</subfield><subfield code="n">737481</subfield></datafield></record>